
@article{ma1973,
  title = {Critical {{Exponents}} above \$\{\vphantom\}{{T}}\vphantom\{\}\_\{c\}\$ to \${{O}}($\backslash$frac\{1\}\{n\})\$},
  volume = {7},
  doi = {10.1103/PhysRevA.7.2172},
  abstract = {Critical exponents are functions of d, the dimension, and n, the number of components of the order parameter involved in the second-order phase transition. They can be expanded in power series of 1n when n is large. We present details of calculating by perturbation theory the critical exponents above Tc for arbitrary d and to O(1n) for short-range interacting systems and also for long-range interacting systems.},
  number = {6},
  journal = {Phys. Rev. A},
  author = {Ma, Shang-Keng},
  month = jun,
  year = {1973},
  pages = {2172-2187},
}


@article{macfarlane1979,
	title = {Generalizations of σ-models and {CpN} models, and instantons},
	volume = {82},
	issn = {0370-2693},
	url = {http://www.sciencedirect.com/science/article/pii/0370269379907457},
	doi = {10.1016/0370-2693(79)90745-7},
	number = {2},
	journal = {Phys. Lett. B},
	author = {MacFarlane, A. J.},
	year = {1979},
	pages = {239--241}
}

@article{rachel2009,
	title = {Spinon confinement and the {Haldane} gap in {SU}(n) spin chains},
	volume = {80},
  pages = {180420},
	issn = {1098-0121, 1550-235X},
	url = {http://arxiv.org/abs/0904.3882},
	doi = {10.1103/PhysRevB.80.180420},
	number = {18},
	journal = {Phys. Rev. B},
	author = {Rachel, S. and Thomale, R. and Fuehringer, M. and Schmitteckert, P. and Greiter, M.},
	year = {2009},
}

@article{nataf2016,
	title = {Exact diagonalization of {Heisenberg} \${\textbackslash}mathrm\{{SU}\}({N})\$ chains in the fully symmetric and antisymmetric representations},
	volume = {93},
	url = {https://link.aps.org/doi/10.1103/PhysRevB.93.155134},
	doi = {10.1103/PhysRevB.93.155134},
	number = {15},
	journal = {Phys. Rev. B},
	author = {Nataf, Pierre and Mila, Frédéric},
	year = {2016},
	pages = {155134},
}

@article{shao2016,
	title = {Quantum criticality with two length scales},
	volume = {352},
	issn = {0036-8075, 1095-9203},
	url = {http://arxiv.org/abs/1603.02171},
	doi = {10.1126/science.aad5007},
	number = {6282},
	journal = {Science},
	author = {Shao, Hui and Guo, Wenan and Sandvik, Anders W.},
	year = {2016},
	pages = {213--216},
}

@article{arovas1988,
	title = {Functional integral theories of low-dimensional quantum {Heisenberg} models},
	volume = {38},
	url = {http://journals.aps.org/prb/abstract/10.1103/PhysRevB.38.316},
	number = {1},
	journal = {Phys. Rev. B},
	author = {Arovas, Daniel P. and Auerbach, Assa},
	year = {1988},
	pages = {316},
}

@article{arovas2008,
	title = {Simplex solid states of {SU}({N}) quantum antiferromagnets},
	volume = {77},
  pages = {104404},
	issn = {1098-0121, 1550-235X},
	url = {http://link.aps.org/doi/10.1103/PhysRevB.77.104404},
	doi = {10.1103/PhysRevB.77.104404},
	number = {10},
	journal = {Phys. Rev. B},
	author = {Arovas, Daniel},
	year = {2008},
}

@article{assaad2005,
	title = {Phase diagram of the half-filled two-dimensional {SU}({N}) {Hubbard}-{Heisenberg} model: {A} quantum {Monte} {Carlo} study},
	volume = {71},
  pages = {075103},
	issn = {1098-0121, 1550-235X},
	shorttitle = {Phase diagram of the half-filled two-dimensional {SU}({N}) {Hubbard}-{Heisenberg} model},
	url = {http://link.aps.org/doi/10.1103/PhysRevB.71.075103},
	doi = {10.1103/PhysRevB.71.075103},
	number = {7},
	journal = {Phys. Rev. B},
	author = {Assaad, F.},
	year = {2005},
}

@article{beach2009,
	title = {{SU}({N}) {Heisenberg} model on the square lattice: {A} continuous-{N} quantum {Monte} {Carlo} study},
	volume = {80},
  pages = {184401},
	issn = {1098-0121, 1550-235X},
	shorttitle = {{SU}({N}) {Heisenberg} model on the square lattice},
	url = {http://link.aps.org/doi/10.1103/PhysRevB.80.184401},
	doi = {10.1103/PhysRevB.80.184401},
	number = {18},
	journal = {Phys. Rev. B},
	author = {Beach, K. and Alet, Fabien and Mambrini, Matthieu and Capponi, Sylvain},
	year = {2009},
}

@article{affleck1985,
	title = {Large-n limit of {SU} (n) quantum" spin" chains},
	volume = {54},
	url = {http://journals.aps.org/prl/abstract/10.1103/PhysRevLett.54.966},
	number = {10},
	journal = {Phys. Rev. Lett.},
	author = {Affleck, Ian},
	year = {1985},
	pages = {966},
}

@article{sondhi1997,
	title = {Continuous quantum phase transitions},
	volume = {69},
	url = {http://journals.aps.org/rmp/abstract/10.1103/RevModPhys.69.315},
	number = {1},
	journal = {Rev. Mod. Phys.},
	author = {Sondhi, S. L. and Girvin, S. M. and Carini, J. P. and Shahar, D.},
	year = {1997},
	pages = {315},
}

@article{wu2005,
	title = {Competing {Orders} in {One}-{Dimensional} {Spin}-3/2 {Fermionic} {Systems}},
	volume = {95},
  pages = {266404},
	issn = {0031-9007, 1079-7114},
	url = {http://link.aps.org/doi/10.1103/PhysRevLett.95.266404},
	doi = {10.1103/PhysRevLett.95.266404},
	number = {26},
	journal = {Phys. Rev. Lett.},
	author = {Wu, Congjun},
	year = {2005},
}

@article{bloch2012,
	title = {Quantum simulations with ultracold quantum gases},
	volume = {8},
	issn = {1745-2473, 1745-2481},
	url = {http://www.nature.com/doifinder/10.1038/nphys2259},
	doi = {10.1038/nphys2259},
	number = {4},
	journal = {Nat. Phys.},
	author = {Bloch, Immanuel and Dalibard, Jean and Nascimbène, Sylvain},
	year = {2012},
	pages = {267--276},
}

@article{buchta2007,
	title = {Mott transition and dimerization in the one-dimensional {SU}(n) {Hubbard} model},
	volume = {75},
  pages = {155108},
	issn = {1098-0121, 1550-235X},
	url = {http://link.aps.org/doi/10.1103/PhysRevB.75.155108},
	doi = {10.1103/PhysRevB.75.155108},
	number = {15},
	journal = {Phys. Rev. B},
	author = {Buchta, K. and Legeza, ö. and Szirmai, E. and Sólyom, J.},
	year = {2007},
}

@article{kaul2012,
	title = {Lattice {Model} for the {SU}({N}) {Néel} to {Valence}-{Bond} {Solid} {Quantum} {Phase} {Transition} at {Large} {N}},
	volume = {108},
  pages = {137201},
	issn = {0031-9007, 1079-7114},
	url = {http://link.aps.org/doi/10.1103/PhysRevLett.108.137201},
	doi = {10.1103/PhysRevLett.108.137201},
	number = {13},
	journal = {Phys. Rev. Lett.},
	author = {Kaul, Ribhu K. and Sandvik, Anders W.},
	year = {2012},
}

@article{kawashima2007,
	title = {Ground {States} of the {SU}({N}) {Heisenberg} {Model}},
	volume = {98},
  pages = {057202},
	issn = {0031-9007, 1079-7114},
	url = {http://link.aps.org/doi/10.1103/PhysRevLett.98.057202},
	doi = {10.1103/PhysRevLett.98.057202},
	number = {5},
	journal = {Phys. Rev. Lett.},
	author = {Kawashima, Naoki and Tanabe, Yuta},
	year = {2007},
}

@article{read1989a,
	title = {Some features of the phase diagram of the square lattice {SU} ({\textless} i{\textgreater} {N}{\textless}/i{\textgreater}) antiferromagnet},
	volume = {316},
	url = {http://www.sciencedirect.com/science/article/pii/0550321389900618},
	number = {3},
	journal = {Nucl. Phys. B},
	author = {Read, N. and Sachdev, Subir},
	year = {1989},
	pages = {609--640},
}

@article{read1989,
	title = {Valence-bond and spin-{Peierls} ground states of low-dimensional quantum antiferromagnets},
	volume = {62},
	url = {http://journals.aps.org/prl/abstract/10.1103/PhysRevLett.62.1694},
	number = {14},
	journal = {Phys. Rev. Lett.},
	author = {Read, N. and Sachdev, Subir},
	year = {1989},
	pages = {1694},
}

@article{zhang2014,
	title = {Spectroscopic observation of {SU}({N})-symmetric interactions in {Sr} orbital magnetism},
	volume = {345},
	issn = {0036-8075, 1095-9203},
	url = {http://www.sciencemag.org/content/345/6203/1467},
	doi = {10.1126/science.1254978},
	number = {6203},
	journal = {Science},
	author = {Zhang, X. and Bishof, M. and Bromley, S. L. and Kraus, C. V. and Safronova, M. S. and Zoller, P. and Rey, A. M. and Ye, J.},
	year = {2014},
	pmid = {25147278},
	pages = {1467--1473},
}

@article{lang2013,
	title = {Dimerized {Solids} and {Resonating} {Plaquette} {Order} in \${\textbackslash}mathrm\{{SU}\}({N})\$-{Dirac} {Fermions}},
	volume = {111},
	url = {http://link.aps.org/doi/10.1103/PhysRevLett.111.066401},
	doi = {10.1103/PhysRevLett.111.066401},
	number = {6},
	journal = {Phys. Rev. Lett.},
	author = {Lang, Thomas C. and Meng, Zi Yang and Muramatsu, Alejandro and Wessel, Stefan and Assaad, Fakher F.},
	year = {2013},
	pages = {066401},
}

@book{sachdev2011,
	address = {Cambridge; New York},
	title = {Quantum phase transitions},
	isbn = {978-0-521-51468-2 0-521-51468-1},
	publisher = {Cambridge University Press},
	author = {Sachdev, Subir},
	year = {2011},
}

@article{read1990,
	title = {Spin-{Peierls}, valence-bond solid, and {Néel} ground states of low-dimensional quantum antiferromagnets},
	volume = {42},
	url = {http://link.aps.org/doi/10.1103/PhysRevB.42.4568},
	doi = {10.1103/PhysRevB.42.4568},
	number = {7},
	journal = {Phys. Rev. B},
	author = {Read, N. and Sachdev, Subir},
	year = {1990},
	pages = {4568--4589},
}


@article{honerkamp2004,
	title = {Ultracold {Fermions} and the {SU}({N}) {Hubbard} {Model}},
	volume = {92},
  pages = {170403},
	issn = {0031-9007, 1079-7114},
	url = {http://link.aps.org/doi/10.1103/PhysRevLett.92.170403},
	doi = {10.1103/PhysRevLett.92.170403},
	number = {17},
	journal = {Phys. Rev. Lett.},
	author = {Honerkamp, Carsten and Hofstetter, Walter},
	year = {2004},
}

@article{zhou2014,
	title = {Quantum {Monte} {Carlo} simulations of thermodynamic properties of \${\textbackslash}mathrm\{{SU}\}(2N)\$ ultracold fermions in optical lattices},
	volume = {90},
	url = {http://link.aps.org/doi/10.1103/PhysRevB.90.235139},
	doi = {10.1103/PhysRevB.90.235139},
	number = {23},
	journal = {Phys. Rev. B},
	author = {Zhou, Zhichao and Cai, Zi and Wu, Congjun and Wang, Yu},
	year = {2014},
	pages = {235139},
}

@article{cai2013a,
	title = {Pomeranchuk {Cooling} of \${\textbackslash}mathrm\{{SU}\}(2N)\$ {Ultracold} {Fermions} in {Optical} {Lattices}},
	volume = {110},
	url = {http://link.aps.org/doi/10.1103/PhysRevLett.110.220401},
	doi = {10.1103/PhysRevLett.110.220401},
	number = {22},
	journal = {Phys. Rev. Lett.},
	author = {Cai, Zi and Hung, Hsiang-Hsuan and Wang, Lei and Zheng, Dong and Wu, Congjun},
	year = {2013},
	pages = {220401}
}

@article{hart2015,
	title = {Observation of antiferromagnetic correlations in the {Hubbard} model with ultracold atoms},
	volume = {519},
	copyright = {2015 Nature Publishing Group},
	issn = {1476-4687},
	url = {https://www.nature.com/articles/nature14223},
	doi = {10.1038/nature14223},
	number = {7542},
	journal = {Nature},
	author = {Hart, Russell A. and Duarte, Pedro M. and Yang, Tsung-Lin and Liu, Xinxing and Paiva, Thereza and Khatami, Ehsan and Scalettar, Richard T. and Trivedi, Nandini and Huse, David A. and Hulet, Randall G.},
	year = {2015},
	pages = {211--214},
}

@article{wang2014,
	title = {Competing {Orders} in the 2D {Half}-{Filled} \${\textbackslash}mathrm\{{SU}\}(2N)\$ {Hubbard} {Model} through the {Pinning}-{Field} {Quantum} {Monte}{\textasciitilde}{Carlo} {Simulations}},
	volume = {112},
	url = {http://link.aps.org/doi/10.1103/PhysRevLett.112.156403},
	doi = {10.1103/PhysRevLett.112.156403},
	number = {15},
	journal = {Phys. Rev. Lett.},
	author = {Wang, Da and Li, Yi and Cai, Zi and Zhou, Zhichao and Wang, Yu and Wu, Congjun},
	year = {2014},
	pages = {156403},
}

@article{nataf2014,
	title = {Exact {Diagonalization} of {Heisenberg} \${\textbackslash}mathrm\{{SU}\}({N})\$ {Models}},
	volume = {113},
	url = {http://link.aps.org/doi/10.1103/PhysRevLett.113.127204},
	doi = {10.1103/PhysRevLett.113.127204},
	number = {12},
	journal = {Phys. Rev. Lett.},
	author = {Nataf, Pierre and Mila, Frédéric},
	year = {2014},
	pages = {127204},
}

@article{marston1989,
	title = {Large-n limit of the {Hubbard}-{Heisenberg} model},
	volume = {39},
	url = {http://journals.aps.org/prb/abstract/10.1103/PhysRevB.39.11538},
	number = {16},
	journal = {Phys. Rev. B},
	author = {Marston, J. Brad and Affleck, Ian},
	year = {1989},
	pages = {11538},
}

@article{senthil2004,
	title = {Deconfined {Quantum} {Critical} {Points}},
	volume = {303},
	issn = {0036-8075, 1095-9203},
	url = {http://www.sciencemag.org/cgi/doi/10.1126/science.1091806},
	doi = {10.1126/science.1091806},
	number = {5663},
	journal = {Science},
	author = {Senthil, T.},
	year = {2004},
	pages = {1490--1494},
}

@article{affleck1988,
	title = {Large-n limit of the {Heisenberg}-{Hubbard} model: {Implications} for high-{T} c superconductors},
	volume = {37},
	shorttitle = {Large-n limit of the {Heisenberg}-{Hubbard} model},
	url = {http://journals.aps.org/prb/abstract/10.1103/PhysRevB.37.3774},
	number = {7},
	journal = {Phys. Rev. B},
	author = {Affleck, Ian and Marston, J. Brad},
	year = {1988},
	pages = {3774},
}

@article{wu2003,
	title = {Exact {SO}(5) {Symmetry} in the {Spin}-3/2 {Fermionic} {System}},
	volume = {91},
  pages = {186402},
	issn = {0031-9007, 1079-7114},
	url = {http://link.aps.org/doi/10.1103/PhysRevLett.91.186402},
	doi = {10.1103/PhysRevLett.91.186402},
	number = {18},
	journal = {Phys. Rev. Lett.},
	author = {Wu, Congjun and Hu, Jiang-Ping and Zhang, Shou-Cheng},
	year = {2003},
}

@article{wu2006,
	title = {{HIDDEN} {SYMMETRY} {AND} {QUANTUM} {PHASES} {IN} {SPIN}-3/2 {COLD} {ATOMIC} {SYSTEMS}},
	volume = {20},
	issn = {0217-9849},
	url = {http://www.worldscientific.com/doi/abs/10.1142/S0217984906012213},
	doi = {10.1142/S0217984906012213},
	number = {27},
	journal = {Mod. Phys. Lett. B},
	author = {Wu, Congjun},
	year = {2006},
	pages = {1707--1738},
}

@article{harada2013,
	title = {Possibility of {Deconfined} {Criticality} in {SU}({N}) {Heisenberg} {Models} at {Small} {N}},
	volume = {88},
  pages = {220408},
	issn = {1098-0121, 1550-235X},
	doi = {10.1103/PhysRevB.88.220408},
	number = {22},
	journal = {Phys. Rev. B},
	author = {Harada, Kenji and Suzuki, Takafumi and Okubo, Tsuyoshi and Matsuo, Haruhiko and Lou, Jie and Watanabe, Hiroshi and Todo, Synge and Kawashima, Naoki},
	year = {2013},
}

@article{levin2004,
	title = {Deconfined quantum criticality and {Neel} order via dimer disorder},
	volume = {70},
	issn = {1098-0121, 1550-235X},
	url = {http://arxiv.org/abs/cond-mat/0405702},
	doi = {10.1103/PhysRevB.70.220403},
	number = {22},
	journal = {Phys. Rev. B},
	author = {Levin, Michael and Senthil, T.},
	year = {2004},
}

@article{senthil2004a,
	title = {Quantum criticality beyond the {Landau}-{Ginzburg}-{Wilson} paradigm},
	volume = {70},
	url = {http://link.aps.org/doi/10.1103/PhysRevB.70.144407},
	doi = {10.1103/PhysRevB.70.144407},
	number = {14},
	journal = {Phys. Rev. B},
	author = {Senthil, T. and Balents, Leon and Sachdev, Subir and Vishwanath, Ashvin and Fisher, Matthew P. A.},
	year = {2004},
	pages = {144407},
}

@article{motrunich2004,
  title = {Emergent photons and transitions in the $\mathrm{O}(3)$ sigma model with hedgehog suppression},
  author = {Motrunich, Olexei I. and Vishwanath, Ashvin},
  journal = {Phys. Rev. B},
  volume = {70},
  issue = {7},
  pages = {075104},
  numpages = {13},
  year = {2004},
  month = {Aug},
  publisher = {American Physical Society},
  doi = {10.1103/PhysRevB.70.075104},
  url = {https://link.aps.org/doi/10.1103/PhysRevB.70.075104}
}


@article{zhou2016,
	title = {Mott insulating states and quantum phase transitions of correlated \${\textbackslash}text\{{SU}\}(2N)\$ {Dirac} fermions},
	volume = {93},
	url = {http://link.aps.org/doi/10.1103/PhysRevB.93.245157},
	doi = {10.1103/PhysRevB.93.245157},
	number = {24},
	journal = {Phys. Rev. B},
	author = {Zhou, Zhichao and Wang, Da and Meng, Zi Yang and Wang, Yu and Wu, Congjun},
	year = {2016},
	pages = {245157},
}

@article{maharana1983,
	title = {The canonical structure of generalized non-linear sigma models in constrained hamiltonian formalism},
	volume = {39},
	issn = {0246-0211},
	url = {https://eudml.org/doc/76216},
	number = {2},
	journal = {Ann. IHP Phys. Théorique},
	author = {Maharana, J.},
	year = {1983},
	pages = {193--209},
}

@article{duerksen1981,
	title = {Dynamical symmetry breaking in supersymmetric \${\textbackslash}frac\{{\textbackslash}mathrm\{{U}\}(n+m)\}\{{\textbackslash}mathrm\{{U}\}(n){\textbackslash}ifmmode{\textbackslash}times{\textbackslash}else{\textbackslash}texttimes{\textbackslash}fi\{\}{\textbackslash}mathrm\{{U}\}(m)\}\$ chiral models},
	volume = {24},
	url = {https://link.aps.org/doi/10.1103/PhysRevD.24.926},
	doi = {10.1103/PhysRevD.24.926},
	number = {4},
	journal = {Phys. Rev. D},
	author = {Duerksen, Gary},
	year = {1981},
	pages = {926--936},
}

@article{starykh1994,
	title = {1/{N} expansion for the {Schwinger}-boson theory of quantum antiferromagnets},
	volume = {50},
	url = {https://link.aps.org/doi/10.1103/PhysRevB.50.16428},
	doi = {10.1103/PhysRevB.50.16428},
	number = {22},
	journal = {Phys. Rev. B},
	author = {Starykh, Oleg A.},
	year = {1994},
	pages = {16428--16437},
}

@article{irkhin1996,
	title = {1/{N} expansion for critical exponents of magnetic phase transitions in the \$\{{\textbackslash}mathit\{{CP}\}\}{\textasciicircum}\{{\textbackslash}mathit\{{N}\}{\textbackslash}mathrm\{{\textbackslash}ensuremath\{-\}\}1\}\$ model for 2{\textless}d{\textless}4},
	volume = {54},
	url = {https://link.aps.org/doi/10.1103/PhysRevB.54.11953},
	doi = {10.1103/PhysRevB.54.11953},
	number = {17},
	journal = {Phys. Rev. B},
	author = {Irkhin, V. Yu. and Katanin, A. A. and Katsnelson, M. I.},
	year = {1996},
	pages = {11953--11956},
}

@article{halperin1974,
	title = {First-{Order} {Phase} {Transitions} in {Superconductors} and {Smectic}-\${A}\$ {Liquid} {Crystals}},
	volume = {32},
	url = {https://link.aps.org/doi/10.1103/PhysRevLett.32.292},
	doi = {10.1103/PhysRevLett.32.292},
	number = {6},
	journal = {Phys. Rev. Lett.},
	author = {Halperin, B. I. and Lubensky, T. C. and Ma, Shang-Keng},
	year = {1974},
	pages = {292--295},
}

@article{desalvo2010,
	title = {Degenerate {Fermi} {Gas} of \${\textasciicircum}\{87\}{\textbackslash}mathrm\{{Sr}\}\$},
	volume = {105},
	url = {https://link.aps.org/doi/10.1103/PhysRevLett.105.030402},
	doi = {10.1103/PhysRevLett.105.030402},
	number = {3},
	journal = {Phys. Rev. Lett.},
	author = {DeSalvo, B. J. and Yan, M. and Mickelson, P. G. and Martinez de Escobar, Y. N. and Killian, T. C.},
	year = {2010},
	pages = {030402}
}

@article{taie2010,
	title = {Realization of a \${\textbackslash}mathrm\{{SU}\}(2){\textbackslash}ifmmode{\textbackslash}times{\textbackslash}else{\textbackslash}texttimes{\textbackslash}fi\{\}{\textbackslash}mathrm\{{SU}\}(6)\$ {System} of {Fermions} in a {Cold} {Atomic} {Gas}},
	volume = {105},
	url = {https://link.aps.org/doi/10.1103/PhysRevLett.105.190401},
	doi = {10.1103/PhysRevLett.105.190401},
	number = {19},
	journal = {Phys. Rev. Lett.},
	author = {Taie, Shintaro and Takasu, Yosuke and Sugawa, Seiji and Yamazaki, Rekishu and Tsujimoto, Takuya and Murakami, Ryo and Takahashi, Yoshiro},
	year = {2010},
	pages = {190401}
}

@article{krauser2012,
	title = {Coherent multi-flavour spin dynamics in a fermionic quantum gas},
	volume = {8},
	issn = {1745-2473},
	url = {http://dx.doi.org/10.1038/nphys2409},
	doi = {10.1038/nphys2409},
	number = {11},
	journal = {Nat Phys},
	author = {Krauser, Jasper S. and Heinze, Jannes and Flaschner, Nick and Gotze, Soren and Jurgensen, Ole and Luhmann, Dirk-Soren and Becker, Christoph and Sengstock, Klaus},
	year = {2012},
	pages = {813--818}
}

@article{cai2013,
	title = {Quantum magnetic properties of the \${SU}(2N)\$ {Hubbard} model in the square lattice: {A} quantum {Monte} {Carlo} study},
	volume = {88},
	shorttitle = {Quantum magnetic properties of the \${SU}(2N)\$ {Hubbard} model in the square lattice},
	url = {https://link.aps.org/doi/10.1103/PhysRevB.88.125108},
	doi = {10.1103/PhysRevB.88.125108},
	number = {12},
	journal = {Phys. Rev. B},
	author = {Cai, Zi and Hung, Hsiang-Hsuan and Wang, Lei and Wu, Congjun},
	year = {2013},
	pages = {125108},
}

@article{okubo2015,
	title = {{SU}({N}) {Heisenberg} model with multi-column representations},
	volume = {92},
  pages = {134404},
	issn = {1098-0121, 1550-235X},
	doi = {10.1103/PhysRevB.92.134404},
	number = {13},
	journal = {Phys. Rev. B},
	author = {Okubo, Tsuyoshi and Harada, Kenji and Lou, Jie and Kawashima, Naoki},
	year = {2015},
}

@article{lou2009,
	title = {Antiferromagnetic to valence-bond-solid transitions in two-dimensional \${\textbackslash}text\{{SU}\}({N})\$ {Heisenberg} models with multispin interactions},
	volume = {80},
	url = {https://link.aps.org/doi/10.1103/PhysRevB.80.180414},
	doi = {10.1103/PhysRevB.80.180414},
	number = {18},
	journal = {Phys. Rev. B},
	author = {Lou, Jie and Sandvik, Anders W. and Kawashima, Naoki},
	year = {2009},
	pages = {180414},
}

@article{kaul2008,
	title = {Quantum criticality of {U}(1) gauge theories with fermionic and bosonic matter in two spatial dimensions},
	volume = {77},
	url = {https://link.aps.org/doi/10.1103/PhysRevB.77.155105},
	doi = {10.1103/PhysRevB.77.155105},
	number = {15},
	journal = {Phys. Rev. B},
	author = {Kaul, Ribhu K. and Sachdev, Subir},
	year = {2008},
	pages = {155105},
}

@article{suzuki2015,
	title = {Thermal phase transition of generalized {Heisenberg} models for \${\textbackslash}mathrm\{{SU}\}({N})\$ spins on square and honeycomb lattices},
	volume = {91},
	url = {https://link.aps.org/doi/10.1103/PhysRevB.91.094414},
	doi = {10.1103/PhysRevB.91.094414},
	number = {9},
	journal = {Phys. Rev. B},
	author = {Suzuki, Takafumi and Harada, Kenji and Matsuo, Haruhiko and Todo, Synge and Kawashima, Naoki},
	year = {2015},
	pages = {094414},
}

@article{demidio2016,
	title = {First-order superfluid to valence bond solid phase transitions in easy-plane {SU}(\${N}\$) magnets for small-\${N}\$},
	volume = {93},
	issn = {2469-9950, 2469-9969},
	url = {http://arxiv.org/abs/1512.05082},
	doi = {10.1103/PhysRevB.93.054406},
	number = {5},
	journal = {Phys. Rev. B},
	author = {D'Emidio, Jonathan and Kaul, Ribhu K.},
	year = {2016},
}

@article{demidio2017,
	title = {New {Easy}-{Plane} \${\textbackslash}mathbb\{{C}\}\{{\textbackslash}mathbb\{{P}\}\}{\textasciicircum}\{{N}{\textbackslash}ensuremath\{-\}1\}\$ {Fixed} {Points}},
	volume = {118},
	url = {https://link.aps.org/doi/10.1103/PhysRevLett.118.187202},
	doi = {10.1103/PhysRevLett.118.187202},
	number = {18},
	journal = {Phys. Rev. Lett.},
	author = {D’Emidio, Jonathan and Kaul, Ribhu K.},
	year = {2017},
	pages = {187202},
}

@article{block2013,
	title = {Fate of \${\textbackslash}mathbb\{{C}\}\{{\textbackslash}mathbb\{{P}\}\}{\textasciicircum}\{{N}{\textbackslash}ensuremath\{-\}1\}\$ {Fixed} {Points} with \$q\$ {Monopoles}},
	volume = {111},
	url = {https://link.aps.org/doi/10.1103/PhysRevLett.111.137202},
	doi = {10.1103/PhysRevLett.111.137202},
	number = {13},
	journal = {Phys. Rev. Lett.},
	author = {Block, Matthew S. and Melko, Roger G. and Kaul, Ribhu K.},
	year = {2013},
	pages = {137202},
}

@article{zhou2017,
	title = {Finite-temperature valence-bond-solid transitions and thermodynamic properties of interacting \${\textbackslash}text\{{SU}\}(2N)\$ {Dirac} fermions},
	volume = {95},
	url = {https://link.aps.org/doi/10.1103/PhysRevB.95.085128},
	doi = {10.1103/PhysRevB.95.085128},
	number = {8},
	journal = {Phys. Rev. B},
	author = {Zhou, Zhichao and Wang, Da and Wu, Congjun and Wang, Yu},
	year = {2017},
	pages = {085128},
}

@article{hikami1979,
	title = {Renormalization {Group} {Functions} of {CPN}-1 {Non}-{Linear} σ-{Model} and {N}-{Component} {Scalar} {QED} {Model}},
	volume = {62},
	issn = {0033-068X},
	url = {https://academic.oup.com/ptp/article/62/1/226/1938846},
	doi = {10.1143/PTP.62.226},
	number = {1},
	journal = {Prog. Theor. Phys.},
	author = {Hikami, Shinobu},
	year = {1979},
	pages = {226--233},
}

@article{hikami1980,
	title = {Non-{Linear} σ {Model} of {Grassmann} {Manifold} and {Non}-{Abelian} {Gauge} {Field} with {Scalar} {Coupling}},
	volume = {64},
	issn = {0033-068X},
	url = {https://academic.oup.com/ptp/article/64/4/1425/1924415},
	doi = {10.1143/PTP.64.1425},
	number = {4},
	journal = {Prog. Theor. Phys.},
	author = {Hikami, Shinobu},
	month = oct,
	year = {1980},
	pages = {1425--1434},
}

@article{wang2018,
	title = {to be submitted},
	journal = {to be submitted},
	author = {Wang, Da and Wang, Lei and Wu, Congjun},
	year = {2018}
}

@article{harada2003,
	journal = {Phys. Rev. Lett.},
	volume = {90},
  pages = {117203},
	url = {http://link.aps.org/doi/10.1103/PhysRevLett.90.117203},
	doi = {10.1103/PhysRevLett.90.117203},
	author = {Harada, Kenji and Kawashima, Naoki and Troyer, Matthias},
	year = {2003},
}

@article{das2018,
  title = {Phase transition in $SU(N)\ifmmode\times\else\texttimes\fi{}U(1)$ gauge theory with many fundamental bosons},
  author = {Das, Ankur},
  journal = {Phys. Rev. B},
  volume = {97},
  issue = {21},
  pages = {214429},
  numpages = {6},
  year = {2018},
  month = {Jun},
  publisher = {American Physical Society},
  doi = {10.1103/PhysRevB.97.214429},
  url = {https://link.aps.org/doi/10.1103/PhysRevB.97.214429}
}
